@Book{latex,
  author =       {Leslie Lamport},
  title =        {LaTeX: User's guide \& reference manual},
  year =         {1986},
  publisher =    {Addison-Wesley},
}


@book{Kennedy:2001:OCM:502981,
	author = {Kennedy, Ken and Allen, John R.},
	title = {Optimizing Compilers for Modern Architectures: A Dependence-based Approach},
	year = {2002},
	isbn = {1-55860-286-0},
	publisher = {Morgan Kaufmann Publishers Inc.},
	address = {San Francisco, CA, USA},
}

@ARTICLE{atre_ea:2018:ccpe,
	author = {Atre, Rohit and Huda, Zia Ul and Wolf, Felix and Jannesari, Ali},
	month = mar,
	title = {Dissecting Sequential Programs for Parallelization - An Approach Based on Computational Units},
	journal = {Concurrency and Computation: Practice and Experience},
	volume = {31},
	number = {5},
	year = {2019},
	pages = {1-12},
	doi = {10.1002/cpe.4770}
}

@INPROCEEDINGS{roth_ea:vpa:2018,
	author = {Roth, Philip C. and Huck, Kevin and Gopalakrishnan, Ganesh and Wolf, Felix},
	month = nov,
	title = {Using Deep Learning for Automated Communication Pattern Characterization: Little Steps and Big Challenges},
	booktitle = {Proc. of the 5th Workshop on Visual Performance Analysis (VPA), held in conjunction with the Supercomputing Conference (SC18), Dallas, TX, USA},
	year = {2018},
	note = {(to appear)}
}

@INPROCEEDINGS{Atre:2017:spaa,
	author = {Atre, Rohit and Jannesari, Ali and Wolf, Felix},
	month = jul,
	title = {Meeting the challenges of parallelizing sequential programs},
	booktitle = {Proc. of the 29th ACM Symposium on Parallelism in Algorithms and Architectures (SPAA), Washington, DC, USA},
	year = {2017},
	pages = {363--365},
	publisher = {ACM},
	isbn = {978-1-4503-4593-4},
	doi = {10.1145/3087556.3087592}
}

@ARTICLE{Li:2016:discopop,
	author = {Li, Zhen and Atre, Rohit and Huda, Zia Ul and Jannesari, Ali and Wolf, Felix},
	month = jul,
	title = {Unveiling Parallelization Opportunities in Sequential Programs},
	journal = {Journal of Systems and Software},
	volume = {117},
	year = {2016},
	pages = {282â€“295},
	doi = {10.1016/j.jss.2016.03.045}
}

@INPROCEEDINGS{Huda:2016:parallel_patterns,
	author = {Huda, Zia Ul and Atre, Rohit and Jannesari, Ali and Wolf, Felix},
	month = may,
	title = {Automatic Parallel Pattern Detection in the Algorithm Structure Design Space},
	booktitle = {Proc. of the 30th IEEE International Parallel and Distributed Processing Symposium (IPDPS), Chicago, USA},
	year = {2016},
	pages = {43-52},
	publisher = {IEEE Computer Society},
	url = {http://dx.doi.org/10.1109/IPDPS.2016.60},
	doi = {10.1109/IPDPS.2016.60}
}

@INCOLLECTION{Li_ea:2015:DiscoPoP_Tools_HPC,
	author = {Li, Zhen and Atre, Rohit and Ul-Huda, Zia and Jannesari, Ali and Wolf, Felix},
	title = {DiscoPoP: A Profiling Tool to Identify Parallelization Opportunities},
	booktitle = {Tools for High Performance Computing 2014, Proc. of the 8th Parallel Tools Workshop,Stuttgart, Germany, October 2014},
	chapter = {3},
	year = {2015},
	pages = {37-54},
	publisher = {Springer International Publishing},
	isbn = {978-3-319-16011-5},
	url = {http://www.springer.com/us/book/9783319160115},
	doi = {10.1007/978-3-319-16012-2}
}

@INPROCEEDINGS{Li_ea:2015:task_parallelism,
	author = {Li, Zhen and Zhao, Bo and Jannesari, Ali and Wolf, Felix},
	month = nov,
	title = {Beyond Data Parallelism: Identifying Parallel Tasks in Sequential Programs},
	booktitle = {Proc. of 15th International Conference on Algorithms and Architectures for Parallel Processing (ICA3PP), Zhangjiajie, China},
	series = {Lecture Notes in Computer Science},
	volume = {9531},
	year = {2015},
	pages = {569-582},
	publisher = {Springer International Publishing},
	isbn = {978-3-319-27139-2},
	doi = {10.1007/978-3-319-27140-8_39}
}

@INPROCEEDINGS{fried_ea:2013:icmla,
	author = {Fried, Daniel and Li, Zhen and Jannesari, Ali and Wolf, Felix},
	month = {December},
	title = {Predicting Parallelization of Sequential Programs Using Supervised Learning},
	booktitle = {Proc. of the 12th IEEE International Conference on Machine Learning and Applications (ICMLA), Miami, FL, USA},
	year = {2013},
	pages = {72-77},
	publisher = {IEEE Computer Society},
	url = {http://ieeexplore.ieee.org/xpl/articleDetails.jsp?tp=&arnumber=6786084},
	doi = {10.1109/ICMLA.2013.108}
}

@article{Wilson:1994:SIR:193209.193217,
	author = {Wilson, Robert P. and French, Robert S. and Wilson, Christopher S. and Amarasinghe, Saman P. and Anderson, Jennifer M. and Tjiang, Steve W. K. and Liao, Shih-Wei and Tseng, Chau-Wen and Hall, Mary W. and Lam, Monica S. and Hennessy, John L.},
	title = {SUIF: An Infrastructure for Research on Parallelizing and Optimizing Compilers},
	journal = {SIGPLAN Not.},
	issue_date = {Dec. 1994},
	volume = {29},
	number = {12},
	month = dec,
	year = {1994},
	issn = {0362-1340},
	pages = {31--37},
	numpages = {7},
	url = {http://doi.acm.org/10.1145/193209.193217},
	doi = {10.1145/193209.193217},
	acmid = {193217},
	publisher = {ACM},
	address = {New York, NY, USA},
} 

@inproceedings{Tournavitis:2009:THA:1542476.1542496,
	author = {Tournavitis, Georgios and Wang, Zheng and Franke, Bj\"{o}rn and O'Boyle, Michael F.P.},
	title = {Towards a Holistic Approach to Auto-parallelization: Integrating Profile-driven Parallelism Detection and Machine-learning Based Mapping},
	booktitle = {Proceedings of the 30th ACM SIGPLAN Conference on Programming Language Design and Implementation},
	series = {PLDI '09},
	year = {2009},
	isbn = {978-1-60558-392-1},
	location = {Dublin, Ireland},
	pages = {177--187},
	numpages = {11},
	url = {http://doi.acm.org/10.1145/1542476.1542496},
	doi = {10.1145/1542476.1542496},
	acmid = {1542496},
	publisher = {ACM},
	address = {New York, NY, USA},
	keywords = {auto-parallelization, machine-learning based parallelism mapping, openmp, profile-driven parallelism detection},
}

@inproceedings{Manilov:2018:GPI:3178372.3179511,
	author = {Manilov, Stanislav and Vasiladiotis, Christos and Franke, Bj\"{o}rn},
	title = {Generalized Profile-guided Iterator Recognition},
	booktitle = {Proceedings of the 27th International Conference on Compiler Construction},
	series = {CC 2018},
	year = {2018},
	isbn = {978-1-4503-5644-2},
	location = {Vienna, Austria},
	pages = {185--195},
	numpages = {11},
	url = {http://doi.acm.org/10.1145/3178372.3179511},
	doi = {10.1145/3178372.3179511},
	acmid = {3179511},
	publisher = {ACM},
	address = {New York, NY, USA},
	keywords = {Loop iterators, loop analysis},
}

@article{Ferrante:1987:PDG:24039.24041,
	author = {Ferrante, Jeanne and Ottenstein, Karl J. and Warren, Joe D.},
	title = {The Program Dependence Graph and Its Use in Optimization},
	journal = {ACM Trans. Program. Lang. Syst.},
	issue_date = {July 1987},
	volume = {9},
	number = {3},
	month = jul,
	year = {1987},
	issn = {0164-0925},
	pages = {319--349},
	numpages = {31},
	url = {http://doi.acm.org/10.1145/24039.24041},
	doi = {10.1145/24039.24041},
	acmid = {24041},
	publisher = {ACM},
	address = {New York, NY, USA},
}

@misc{snu-npb-benchmarks,
	author = {Seoul National University},
	title = {SNU NAS Parallel Benchmarks},
	month = {August},
	year = {2012},
	url = {http://aces.snu.ac.kr/software/snu-npb/},
}

@misc{nasa-parallel-benchmarks,
	author = {NASA Advanced Supercomputing (NAS) Division},
	title = {NAS Parallel Benchmarks},
	month = {August},
	year = {2012},
	url = {https://www.nas.nasa.gov/publications/npb.html},
}

@article{scikit-learn,
	title={Scikit-learn: Machine Learning in {P}ython},
	author={Pedregosa, F. and Varoquaux, G. and Gramfort, A. and Michel, V.
	and Thirion, B. and Grisel, O. and Blondel, M. and Prettenhofer, P.
	and Weiss, R. and Dubourg, V. and Vanderplas, J. and Passos, A. and
	Cournapeau, D. and Brucher, M. and Perrot, M. and Duchesnay, E.},
	journal={Journal of Machine Learning Research},
	volume={12},
	pages={2825--2830},
	year={2011}
}

@article{McCabe:1976:CM:1313324.1313586,
	author = {McCabe, T. J.},
	title = {A Complexity Measure},
	journal = {IEEE Trans. Softw. Eng.},
	issue_date = {July 1976},
	volume = {2},
	number = {4},
	month = jul,
	year = {1976},
	issn = {0098-5589},
	pages = {308--320},
	numpages = {13},
	url = {https://doi.org/10.1109/TSE.1976.233837},
	doi = {10.1109/TSE.1976.233837},
	acmid = {1313586},
	publisher = {IEEE Press},
	address = {Piscataway, NJ, USA},
	keywords = {Basis, complexity measure, control flow, decomposition, graph theory, independence, linear, modularization, programming, reduction, software, testing, testing, Basis, complexity measure, control flow, decomposition, graph theory, independence, linear, modularization, programming, reduction, software},
} 

@misc{icc-opt-report-parser,
	author = {Aleksandr Maramzin, Christos Vasiladiotis, Murray Cole, Bj\"orn Franke},
	title = {Intel C/C++ Compiler optimization report parser},
	month = {November},
	year = {2018},
	url = {https://github.com/av-maramzin/icc-opt-report-compiler},
}

@misc{icc-compiler,
	author = {Intel Corporation},
	title = {Intel C/C++ Compiler (ICC)},
	year = {1985-2018},
	url = {https://software.intel.com/en-us/c-compilers},
}

@misc{icc-compiler,
	author = {Intel Corporation},
	title = {Intel C/C++ Compiler (ICC)},
	year = {1985-2018},
	url = {https://software.intel.com/en-us/c-compilers},
}

@inproceedings{Lattner:2004:LCF:977395.977673,
	author = {Lattner, Chris and Adve, Vikram},
	title = {LLVM: A Compilation Framework for Lifelong Program Analysis \& Transformation},
	booktitle = {Proceedings of the International Symposium on Code Generation and Optimization: Feedback-directed and Runtime Optimization},
	series = {CGO '04},
	year = {2004},
	isbn = {0-7695-2102-9},
	location = {Palo Alto, California},
	pages = {75--},
	url = {http://dl.acm.org/citation.cfm?id=977395.977673},
	acmid = {977673},
	publisher = {IEEE Computer Society},
	address = {Washington, DC, USA},
}

@misc{llvm-compiler-infrastructure,
	author = {LLVM Developer Group},
	title = {The LLVM Compiler Infrastructure},
	year = {2002-2019},
	url = {https://llvm.org/},
}

@misc{github-ppar-tool,
	author = {Aleksandr Maramzin},
	title = {Pervasive Parallelism Tool},
	year = {2018-2019},
	url = {https://github.com/av-maramzin/PParMetrics},
}

@misc{github-icc-parser,
	author = {Aleksandr Maramzin},
	title = {Pervasive Parallelism Tool},
	year = {2018-2019},
	url = {https://github.com/av-maramzin/icc-opt-report-compiler},
}

@article{Bacon:1994:CTH:197405.197406,
	author = {Bacon, David F. and Graham, Susan L. and Sharp, Oliver J.},
	title = {Compiler Transformations for High-performance Computing},
	journal = {ACM Comput. Surv.},
	issue_date = {Dec. 1994},
	volume = {26},
	number = {4},
	month = dec,
	year = {1994},
	issn = {0360-0300},
	pages = {345--420},
	numpages = {76},
	url = {http://doi.acm.org/10.1145/197405.197406},
	doi = {10.1145/197405.197406},
	acmid = {197406},
	publisher = {ACM},
	address = {New York, NY, USA},
	keywords = {compilation, dependence analysis, locality, multiprocessors, optimization, parallelism, superscalar processors, vectorization},
}

@book{James:2014:ISL:2517747,
	author = {James, Gareth and Witten, Daniela and Hastie, Trevor and Tibshirani, Robert},
	title = {An Introduction to Statistical Learning: With Applications in R},
	year = {2014},
	isbn = {1461471370, 9781461471370},
	publisher = {Springer Publishing Company, Incorporated},
}