@inproceedings{algorithmic-skeletons-recognition-paper,
	author = {von Koch, Tobias J. K. Edler and Manilov, Stanislav and Vasiladiotis, Christos and Cole, Murray and Franke, Bj\"{o}rn},
	title = {Towards a Compiler Analysis for Parallel Algorithmic Skeletons},
	booktitle = {Proceedings of the 27th International Conference on Compiler Construction},
	series = {CC 2018},
	year = {2018},
	isbn = {978-1-4503-5644-2},
	location = {Vienna, Austria},
	pages = {174--184},
	numpages = {11},
	url = {http://doi.acm.org/10.1145/3178372.3179513},
	doi = {10.1145/3178372.3179513},
	acmid = {3179513},
	publisher = {ACM},
	address = {New York, NY, USA},
	keywords = {Commutativity, algorithmic skeletons, commutativity analysis, parallelism},
}

@inproceedings{iterator-recognition-paper,
	author = {Manilov, Stanislav and Vasiladiotis, Christos and Franke, Bj\"{o}rn},
	title = {Generalized Profile-guided Iterator Recognition},
	booktitle = {Proceedings of the 27th International Conference on Compiler Construction},
	series = {CC 2018},
	year = {2018},
	isbn = {978-1-4503-5644-2},
	location = {Vienna, Austria},
	pages = {185--195},
	numpages = {11},
	url = {http://doi.acm.org/10.1145/3178372.3179511},
	doi = {10.1145/3178372.3179511},
	acmid = {3179511},
	publisher = {ACM},
	address = {New York, NY, USA},
	keywords = {Loop iterators, loop analysis},
}

@inproceedings{general-reductions-recognition-paper,
	author = {Ginsbach, Philip and O'Boyle, Michael F. P.},
	title = {Discovery and Exploitation of General Reductions: A Constraint Based Approach},
	booktitle = {Proceedings of the 2017 International Symposium on Code Generation and Optimization},
	series = {CGO '17},
	year = {2017},
	isbn = {978-1-5090-4931-8},
	location = {Austin, USA},
	pages = {269--280},
	numpages = {12},
	url = {http://dl.acm.org/citation.cfm?id=3049832.3049862},
	acmid = {3049862},
	publisher = {IEEE Press},
	address = {Piscataway, NJ, USA},
	keywords = {compiler analysis, computational idioms, constraint solver, parallelization, reduction operations},
}

@inproceedings{idioms-recognition-paper,
	author = {Ginsbach, Philip and Remmelg, Toomas and Steuwer, Michel and Bodin, Bruno and Dubach, Christophe and O'Boyle, Michael F. P.},
	title = {Automatic Matching of Legacy Code to Heterogeneous APIs: An Idiomatic Approach},
	booktitle = {Proceedings of the Twenty-Third International Conference on Architectural Support for Programming Languages and Operating Systems},
	series = {ASPLOS '18},
	year = {2018},
	isbn = {978-1-4503-4911-6},
	location = {Williamsburg, VA, USA},
	pages = {139--153},
	numpages = {15},
	url = {http://doi.acm.org/10.1145/3173162.3173182},
	doi = {10.1145/3173162.3173182},
	acmid = {3173182},
	publisher = {ACM},
	address = {New York, NY, USA},
	keywords = {computer systems organization},
}

@inproceedings{candl-paper,
	author = {Ginsbach, Philip and Crawford, Lewis and O\&\#39;Boyle, Michael F. P.},
	title = {CAnDL: A Domain Specific Language for Compiler Analysis},
	booktitle = {Proceedings of the 27th International Conference on Compiler Construction},
	series = {CC 2018},
	year = {2018},
	isbn = {978-1-4503-5644-2},
	location = {Vienna, Austria},
	pages = {151--162},
	numpages = {12},
	url = {http://doi.acm.org/10.1145/3178372.3179515},
	doi = {10.1145/3178372.3179515},
	acmid = {3179515},
	publisher = {ACM},
	address = {New York, NY, USA},
	keywords = {LLVM, constraint programming, optimization},
}

@inproceedings{source-code-quality-classification-paper,
	author = {Vytovtov, Petr and Markov, Evgeny},
	title = {Source Code Quality Classification Based On Software Metrics},
	booktitle = {Proceedings of the 20th Conference of Open Innovations Association FRUCT},
	series = {FRUCT'20},
	year = {2017},
	location = {Saint-Petersburg, Russia},
	pages = {71:505--71:511},
	articleno = {71},
	numpages = {7},
	url = {https://doi.org/10.23919/FRUCT.2017.8071355},
	doi = {10.23919/FRUCT.2017.8071355},
	acmid = {3180070},
	publisher = {FRUCT Oy},
	address = {Helsinki, Finland, Finland},
	keywords = {LLVM, Software measures, Software quality, Source code quality, Static analysis},
}

@inproceedings{cyclomatic-complexity-paper,
	author = {McCabe, Thomas J.},
	title = {A Complexity Measure},
	booktitle = {Proceedings of the 2Nd International Conference on Software Engineering},
	series = {ICSE '76},
	year = {1976},
	location = {San Francisco, California, USA},
	pages = {407--},
	url = {http://dl.acm.org/citation.cfm?id=800253.807712},
	acmid = {807712},
	publisher = {IEEE Computer Society Press},
	address = {Los Alamitos, CA, USA},
	keywords = {Basis, Complexity measure, Control flow, Decomposition, Graph theory, Independence, Linear, Modularization, Programming, Reduction, Software, Testing},
}

@book{halstead-book,
	author = {Halstead, Maurice H.},
	title = {Elements of Software Science (Operating and Programming Systems Series)},
	year = {1977},
	isbn = {0444002057},
	publisher = {Elsevier Science Inc.},
	address = {New York, NY, USA},
}

@article{pdg-paper,
	author = {Ferrante, Jeanne and Ottenstein, Karl J. and Warren, Joe D.},
	title = {The Program Dependence Graph and Its Use in Optimization},
	journal = {ACM Trans. Program. Lang. Syst.},
	issue_date = {July 1987},
	volume = {9},
	number = {3},
	month = jul,
	year = {1987},
	issn = {0164-0925},
	pages = {319--349},
	numpages = {31},
	url = {http://doi.acm.org/10.1145/24039.24041},
	doi = {10.1145/24039.24041},
	acmid = {24041},
	publisher = {ACM},
	address = {New York, NY, USA},
}

@misc{nas-official-website,
	author = "",
	title = "\uppercase{N}\uppercase{A}\uppercase{S}\uppercase{A} \uppercase{P}arallel \uppercase{B}enchmarks",
	howpublished = "\url{https://www.nas.nasa.gov/publications/npb.html}",
	year = "",
	month = "",
	note = "",
}

@misc{snu-nas-website,
	author = "",
	title = "\uppercase{S}eoul \uppercase{N}ational \uppercase{U}niversity   \uppercase{N}\uppercase{A}\uppercase{S} \uppercase{P}arallel \uppercase{B}enchmarks implementation",
	howpublished = "\url{http://aces.snu.ac.kr/software/snu-npb/}",
	year = "",
	month = "",
	note = "",
}

@misc{intel-parallel-studio,
	author = "",
	title = "\uppercase{I}ntel \uppercase{P}arallel \uppercase{S}tudio \textsc{XE} 2018",
	howpublished = "\url{https://software.intel.com/en-us/parallel-studio-xe}",
	year = "",
	month = "",
	note = "",
}